<?xml version="1.0" encoding="UTF-8"?><collection xmlns="http://www.loc.gov/MARC21/slim"><record><leader>00557nam--2200133-i-4500</leader><controlfield tag="001">000031054</controlfield><controlfield tag="002">20161230</controlfield><controlfield tag="005">20161230201038</controlfield><controlfield tag="008">060222s1000------------r-----000-0-eng-d</controlfield><datafield ind1=" " ind2=" " tag="100"><subfield code="a">Beck, A. Paul</subfield></datafield><datafield ind1=" " ind2=" " tag="260"><subfield code="a">Magnetic And Inelastic Scattering Of Neutrons By Metals. Based On A Symposium Sponsored By The Alloy Phases Committee Of The Institute Of Metals Division, The Metallurgical Society, American Institute Of Mining, Metallurgical And Petroleum Engineers. ..</subfield></datafield><datafield ind1=" " ind2=" " tag="490"><subfield code="a">Metallurgical Society Conferences</subfield></datafield><datafield ind1=" " ind2=" " tag="700"><subfield code="a">Rowland, T.J</subfield></datafield><datafield ind1=" " ind2=" " tag="852"><subfield code="a">539.125.5.17</subfield></datafield></record></collection>